@incollection{van1984integers,
  title={The integers and topology},
  author={Van Douwen, Eric K},
  booktitle={Handbook of set-theoretic topology},
  pages={111--167},
  year={1984},
  publisher={Elsevier}
}

@article{blass,
author = {Blass, Andreas},
year = {2009},
month = {12},
pages = {395-489},
title = {Combinatorial Cardinal Characteristics of the Continuum},
journal = {Handbook of Set Theory},
doi = {10.1007/978-1-4020-5764-9_7}
}